% Encoding: UTF-8
%%%%%%%%%%%%%%%%%%%%%%%%%%%%%%%%%%%%%%%%%%%%%%%%%%%%%%%%%%%%%%%%%%%%%
%%%%%%%%%%%%%%%%%%%%%%%%% General papers %%%%%%%%%%%%%%%%%%%%%%%%%%%%
%%%%%%%%%%%%%%%%%%%%%%%%%%%%%%%%%%%%%%%%%%%%%%%%%%%%%%%%%%%%%%%%%%%%%

% Deep learning book
@unpublished{Goodfellow-et-al-2016-Book,
    title={Deep Learning},
    author={Ian Goodfellow, Yoshua Bengio, and Aaron Courville},
    note={Book in preparation for MIT Press},
    url={http://www.deeplearningbook.org},
    year={2016}
}

% Bellet survey
% https://arxiv.org/pdf/1306.6709.pdf
@article{bellet2013survey,
  title={A survey on metric learning for feature vectors and structured data},
  author={Bellet, Aur{\'e}lien and Habrard, Amaury and Sebban, Marc},
  journal={arXiv preprint arXiv:1306.6709},
  year={2013}
}

% Metric learning overview
% http://www.cs.cmu.edu/~liuy/dist_overview.pdf
@inproceedings{yang2007overview,
  title={An overview of distance metric learning},
  author={Yang, Liu},
  booktitle={Proceedings of the Computer Vision and Pattern Recognition Conference},
  year={2007}
}

% Dimensionality reduction survey
% https://e-reports-ext.llnl.gov/pdf/240921.pdf
@article{fodor2002survey,
  title={A survey of dimension reduction techniques},
  author={Fodor, Imola K},
  journal={Center for Applied Scientific Computing, Lawrence Livermore National Laboratory},
  volume={9},
  pages={1--18},
  year={2002}
}

% Dimensionality reduction survey
% https://www.tilburguniversity.edu/upload/59afb3b8-21a5-4c78-8eb3-6510597382db_TR2009005.pdf
@article{van2009dimensionality,
  title={Dimensionality reduction: a comparative},
  author={Van Der Maaten, Laurens and Postma, Eric and Van den Herik, Jaap},
  journal={J Mach Learn Res},
  volume={10},
  pages={66--71},
  year={2009}
}

% kNN original paper
@article{cover1967nearest,
  title={Nearest neighbor pattern classification},
  author={Cover, Thomas and Hart, Peter},
  journal={IEEE transactions on information theory},
  volume={13},
  number={1},
  pages={21--27},
  year={1967},
  publisher={IEEE}
}

% kMeans original paper
% http://www.labri.fr/perso/bpinaud/userfiles/downloads/hartigan_1979_kmeans.pdf
@article{hartigan1979algorithm,
  title={Algorithm AS 136: A k-means clustering algorithm},
  author={Hartigan, John A and Wong, Manchek A},
  journal={Journal of the Royal Statistical Society. Series C (Applied Statistics)},
  volume={28},
  number={1},
  pages={100--108},
  year={1979},
  publisher={JSTOR}
}

%%%%%%%%%%%%%%%%%%%%%%%%%%%%%%%%%%%%%%%%%%%%%%%%%%%%%%%%%%%%%%%%%%%%%
%%%%%%%%%%%%%%%%%% Dimensionality reduction %%%%%%%%%%%%%%%%%%%%%%%%%
%%%%%%%%%%%%%%%%%%%%%%%%%%%%%%%%%%%%%%%%%%%%%%%%%%%%%%%%%%%%%%%%%%%%%

% PCA
@article{jolliffe2002principal,
  title={Principal component analysis},
  author={Jolliffe, Ian},
  journal={Wiley StatsRef: Statistics Reference Online},
  year={2002},
  publisher={John Wiley \& Sons, Ltd}
}

% t-SNE
% http://www.jmlr.org/papers/volume9/vandermaaten08a/vandermaaten08a.pdf
% http://scikit-learn.org/stable/modules/manifold.html#t-distributed-stochastic-neighbor-embedding-t-sne
@article{maaten2008visualizing,
  title={Visualizing data using t-SNE},
  author={Maaten, Laurens van der and Hinton, Geoffrey},
  journal={Journal of Machine Learning Research},
  volume={9},
  number={Nov},
  pages={2579--2605},
  year={2008}
}

%%%%%%%%%%%%%%%%%%%%%%%%%%%%%%%%%%%%%%%%%%%%%%%%%%%%%%%%%%%%%%%%%%%%%
%%%%%%%%%%%%%%%%%%%% Metric learning papers %%%%%%%%%%%%%%%%%%%%%%%%%
%%%%%%%%%%%%%%%%%%%%%%%%%%%%%%%%%%%%%%%%%%%%%%%%%%%%%%%%%%%%%%%%%%%%%

% Origins
@article{short1981optimal,
  title={The optimal distance measure for nearest neighbor classification},
  author={Short, R and Fukunaga, Keinosuke},
  journal={IEEE transactions on Information Theory},
  volume={27},
  number={5},
  pages={622--627},
  year={1981},
  publisher={IEEE}
}

% Mahalanobis
@article{mahalanobis1936generalized,
  title={On the generalized distance in statistics},
  author={Mahalanobis, Prasanta Chandra},
  journal={Proceedings of the National Institute of Sciences (Calcutta)},
  volume={2},
  pages={49--55},
  year={1936}
}

% Xing
% http://papers.nips.cc/paper/2164-distance-metric-learning-with-application-toclustering-with-side-information.pdf
@inproceedings{xing2002distance,
  title={Distance metric learning with application to clustering with side-information},
  author={Xing, Eric P and Ng, Andrew Y and Jordan, Michael I and Russell, Stuart},
  booktitle={NIPS},
  volume={15},
  number={505-512},
  pages={12},
  year={2002}
}

% LMNN
% http://www.jmlr.org/papers/v10/weinberger09a.html
@article{weinberger2009distance,
  title={Distance metric learning for large margin nearest neighbor classification},
  author={Weinberger, Kilian Q and Saul, Lawrence K},
  journal={Journal of Machine Learning Research},
  volume={10},
  number={Feb},
  pages={207--244},
  year={2009}
}

% NCA
% https://papers.nips.cc/paper/2566-neighbourhood-components-analysis.pdf
@article{jacobgoldberger2004neighbourhood,
  title={Neighbourhood components analysis},
  author={JacobGoldberger, SamRoweis and GeoffHinton, RuslanSalakhutdinov},
  journal={NIPS’04},
  year={2004}
}

% LFDA
% http://www.jmlr.org/papers/v8/sugiyama07b.html
@article{sugiyama2007dimensionality,
  title={Dimensionality reduction of multimodal labeled data by local fisher discriminant analysis},
  author={Sugiyama, Masashi},
  journal={Journal of machine learning research},
  volume={8},
  number={May},
  pages={1027--1061},
  year={2007}
}

% LSML
% http://ieeexplore.ieee.org/abstract/document/6413822/
@inproceedings{liu2012metric,
  title={Metric learning from relative comparisons by minimizing squared residual},
  author={Liu, Eric Yi and Guo, Zhishan and Zhang, Xiang and Jojic, Vladimir and Wang, Wei},
  booktitle={Data Mining (ICDM), 2012 IEEE 12th International Conference on},
  pages={978--983},
  year={2012},
  organization={IEEE}
}

% ITML
% http://dl.acm.org/citation.cfm?id=1273523
@inproceedings{davis2007information,
  title={Information-theoretic metric learning},
  author={Davis, Jason V and Kulis, Brian and Jain, Prateek and Sra, Suvrit and Dhillon, Inderjit S},
  booktitle={Proceedings of the 24th international conference on Machine learning},
  pages={209--216},
  year={2007},
  organization={ACM}
}

% SDML
% http://dl.acm.org/citation.cfm?id=1553482
@inproceedings{qi2009efficient,
  title={An efficient sparse metric learning in high-dimensional space via l 1-penalized log-determinant regularization},
  author={Qi, Guo-Jun and Tang, Jinhui and Zha, Zheng-Jun and Chua, Tat-Seng and Zhang, Hong-Jiang},
  booktitle={Proceedings of the 26th Annual International Conference on Machine Learning},
  pages={841--848},
  year={2009},
  organization={ACM}
}

% RCA
% http://link.springer.com/chapter/10.1007/3-540-47979-1_52#page-1
@inproceedings{shental2002adjustment,
  title={Adjustment learning and relevant component analysis},
  author={Shental, Noam and Hertz, Tomer and Weinshall, Daphna and Pavel, Misha},
  booktitle={European Conference on Computer Vision},
  pages={776--790},
  year={2002},
  organization={Springer}
}


%%%%%%%%%%%%%%%%%%%%%%%%%%%%%%%%%%%%%%%%%%%%%%%%%%%%%%%%%%%%%%%%%%%%%
%%%%%%%%%%%%%%%%%%%%%%% Evolutionary papers %%%%%%%%%%%%%%%%%%%%%%%%%
%%%%%%%%%%%%%%%%%%%%%%%%%%%%%%%%%%%%%%%%%%%%%%%%%%%%%%%%%%%%%%%%%%%%%

% Internal vs External validation indexes
% http://www.universitypress.org.uk/journals/cc/20-463.pdf
@article{rendon2011internal,
  title={Internal versus external cluster validation indexes},
  author={Rend{\'o}n, Er{\'e}ndira and Abundez, Itzel and Arizmendi, Alejandra and Quiroz, ElviaM},
  journal={International Journal of computers and communications},
  volume={5},
  number={1},
  pages={27--34},
  year={2011}
}

% jDE + Mahalanobis
% http://ieeexplore.ieee.org/abstract/document/6735277/
@inproceedings{fukui2013evolutionary,
  title={Evolutionary distance metric learning approach to semi-supervised clustering with neighbor relations},
  author={Fukui, Ken-Ichi and Ono, Satoshi and Megano, Taishi and Numao, Masayuki},
  booktitle={Tools with Artificial Intelligence (ICTAI), 2013 IEEE 25th International Conference on},
  pages={398--403},
  year={2013},
  organization={IEEE}
}

% EA + classification
% http://ac.els-cdn.com/S0957417412004071/1-s2.0-S0957417412004071-main.pdf?_tid=27e9ac90-21e3-11e7-9203-00000aacb360&acdnat=1492264697_a3cb93c65fd14f9f19c577bcb710f4cc
@article{koloseni2012optimized,
  title={Optimized distance metrics for differential evolution based nearest prototype classifier},
  author={Koloseni, David and Lampinen, Jouni and Luukka, Pasi},
  journal={Expert Systems With Applications},
  volume={39},
  number={12},
  pages={10564--10570},
  year={2012},
  publisher={Elsevier}
}

% Semi-supervised Evolutionary Distance Metric Learning for Clustering
% https://kaigi.org/jsai/webprogram/2015/pdf/2F1-3in.pdf
@article{kalintha2015semi,
  title={Semi-supervised Evolutionary Distance Metric Learning for Clustering},
  author={Kalintha, Wasin and 福井健一 and 小野智司 and 女鹿野大志 and 森山甲一 and 沼尾正行},
  journal={人工知能学会全国大会論文集},
  volume={29},
  pages={1--4},
  year={2015},
  publisher={人工知能学会}
}


% CMA-ES
% https://www.lri.fr/~hansen/cmaesintro.html
% https://pdfs.semanticscholar.org/3f83/8d5b3a18d8acfe87cf7570405d1b8df7b30a.pdf
@inproceedings{hansen1996adapting,
  title={Adapting arbitrary normal mutation distributions in evolution strategies: The covariance matrix adaptation},
  author={Hansen, Nikolaus and Ostermeier, Andreas},
  booktitle={Evolutionary Computation, 1996., Proceedings of IEEE International Conference on},
  pages={312--317},
  year={1996},
  organization={IEEE}
}

% CMA-ES
% https://www.lri.fr/~hansen/cmaartic.pdf
% https://www.lri.fr/~hansen/cmaesintro.html
% https://www.lri.fr/~hansen/cmatutorial110628.pdf
@article{hansen2001completely,
  title={Completely derandomized self-adaptation in evolution strategies},
  author={Hansen, Nikolaus and Ostermeier, Andreas},
  journal={Evolutionary computation},
  volume={9},
  number={2},
  pages={159--195},
  year={2001},
  publisher={MIT Press}
}

% CMA-ES
% 
@article{hansen2003reducing,
  title={Reducing the time complexity of the derandomized evolution strategy with covariance matrix adaptation (CMA-ES)},
  author={Hansen, Nikolaus and M{\"u}ller, Sibylle D and Koumoutsakos, Petros},
  journal={Evolutionary computation},
  volume={11},
  number={1},
  pages={1--18},
  year={2003},
  publisher={MIT Press}
}

% CMA-ES
% http://citeseerx.ist.psu.edu/viewdoc/download?doi=10.1.1.216.1537&rep=rep1&type=pdf
@article{hansen2006cma,
  title={The CMA evolution strategy: a comparing review},
  author={Hansen, Nikolaus},
  journal={Towards a new evolutionary computation},
  pages={75--102},
  year={2006},
  publisher={Springer}
}

% jDE: Self-Adapting Control Parameters in Differential Evolution
% https://www.researchgate.net/profile/Marjan_Mernik/publication/3418914_Self-Adapting_Control_Parameters_in_Differential_Evolution_A_Comparative_Study_on_Numerical_Benchmark_Problems/links/02bfe50f4c67124ef4000000.pdf
@article{brest2006self,
  title={Self-adapting control parameters in differential evolution: A comparative study on numerical benchmark problems},
  author={Brest, Janez and Greiner, Sao and Boskovic, Borko and Mernik, Marjan and Zumer, Viljem},
  journal={IEEE transactions on evolutionary computation},
  volume={10},
  number={6},
  pages={646--657},
  year={2006},
  publisher={IEEE}
}

%%%%%%%%%%%%%%%%%%%%%%%%%%%%%%%%%%%%%%%%%%%%%%%%%%%%%%%%%%%%%%%%%%%%%
%%%%%%%%%%%%%%%%% Interesting, but not necessary? %%%%%%%%%%%%%%%%%%%
%%%%%%%%%%%%%%%%%%%%%%%%%%%%%%%%%%%%%%%%%%%%%%%%%%%%%%%%%%%%%%%%%%%%%

% Kernel construction for classification (SVM)
% http://ocean.sci-hub.cc/db9fc6a86e1cb0fe205b8fd116177179/10.1007%401184093043.pdf
@inproceedings{howley2006evolutionary,
  title={An evolutionary approach to automatic kernel construction},
  author={Howley, Tom and Madden, Michael G},
  booktitle={International Conference on Artificial Neural Networks},
  pages={417--426},
  year={2006},
  organization={Springer}
}

% Kernel construction for kNN regression
% https://aran.library.nuigalway.ie/bitstream/handle/10379/203/aics07-howley-madden.pdf?sequence=1&isAllowed=y
@article{madden2007evolution,
  title={The Evolution of a Kernel-Based Distance Metric for k-NN Regression},
  author={Madden, Michael G and Howley, Tom},
  year={2007}
}

% Kernel Nearest Neighbour
% https://pdfs.semanticscholar.org/6acd/8bcc2bbf967c24f3e050fda0a273d18b79df.pdf
@article{yu2002kernel,
  title={Kernel nearest-neighbor algorithm},
  author={Yu, Kai and Ji, Liang and Zhang, Xuegong},
  journal={Neural Processing Letters},
  volume={15},
  number={2},
  pages={147--156},
  year={2002},
  publisher={Springer}
}

% Metric Learning for Kernel Regression
% http://www.jmlr.org/proceedings/papers/v2/weinberger07a/weinberger07a.pdf
@inproceedings{weinberger2007metric,
  title={Metric Learning for Kernel Regression.},
  author={Weinberger, Kilian Q and Tesauro, Gerald},
  booktitle={AISTATS},
  pages={612--619},
  year={2007}
}

% Evolutionary Multi-objective Distance Metric Learning for Multi-label Clustering
% http://ocean.sci-hub.cc/720be8a7177ada89e820d4be628466c9/megano2015.pdf
@inproceedings{megano2015evolutionary,
  title={Evolutionary multi-objective distance metric learning for multi-label clustering},
  author={Megano, Taishi and Fukui, Ken-ichi and Numao, Masayuki and Ono, Satoshi},
  booktitle={Evolutionary Computation (CEC), 2015 IEEE Congress on},
  pages={2945--2952},
  year={2015},
  organization={IEEE}
}

% Which Distance Metric is Right: An Evolutionary K-Means View
% https://pdfs.semanticscholar.org/53cc/0966b730eae900acd976bd3d656e63744e5b.pdf
@inproceedings{liu2012distance,
  title={Which distance metric is right: An evolutionary k-means view},
  author={Liu, Chuanren and Hu, Tianming and Ge, Yong and Xiong, Hui},
  booktitle={Proceedings of the 2012 SIAM International Conference on Data Mining},
  pages={907--918},
  year={2012},
  organization={SIAM}
}


%%%%%%%%%%%%%%%%%%%%%%%%%%%%%%%%%%%%%%%%%%%%%%%%%%%%%%%%%%%%%%%%%%%%%%%%%%%%%%%%%%%%%%%%

@article{qian2015efficient,
  title={Efficient distance metric learning by adaptive sampling and mini-batch stochastic gradient descent (SGD)},
  author={Qian, Qi and Jin, Rong and Yi, Jinfeng and Zhang, Lijun and Zhu, Shenghuo},
  journal={Machine Learning},
  volume={99},
  number={3},
  pages={353--372},
  year={2015},
  publisher={Springer}
}

% NP-hard
% http://www1.se.cuhk.edu.hk/~manchoso/papers/low_rank-FnT_Opt.pdf
@article{lemon2016low,
  title={Low-rank semidefinite programming: Theory and applications},
  author={Lemon, Alex and So, Anthony Man-Cho and Ye, Yinyu and others},
  journal={Foundations and Trends{\textregistered} in Optimization},
  volume={2},
  number={1-2},
  pages={1--156},
  year={2016},
  publisher={Now Publishers, Inc.}
}

@article{abbasnejad2012survey,
  title={A survey of the state of the art in learning the kernels},
  author={Abbasnejad, M Ehsan and Ramachandram, Dhanesh and Mandava, Rajeswari},
  journal={Knowledge and information systems},
  volume={31},
  number={2},
  pages={193--221},
  year={2012},
  publisher={Springer}
}

@article{gonen2011multiple,
  title={Multiple kernel learning algorithms},
  author={G{\"o}nen, Mehmet and Alpayd{\i}n, Ethem},
  journal={Journal of Machine Learning Research},
  volume={12},
  number={Jul},
  pages={2211--2268},
  year={2011}
}

%%%%%%%%%%%%%%%%%%%%%%%%%%%%%%%%%%%%%%%%%%%%%%%%%%%%%%%%%%%%%%%%%%%%%%%%%%%%%%%%%%%%%%%%
% Applications
%%%%%%%%%%%%%%%%%%%%%%%%%%%%%%%%%%%%%%%%%%%%%%%%%%%%%%%%%%%%%%%%%%%%%%%%%%%%%%%%%%%%%%%%

@inproceedings{shaw2011learning,
  title={Learning a distance metric from a network},
  author={Shaw, Blake and Huang, Bert and Jebara, Tony},
  booktitle={Advances in Neural Information Processing Systems},
  pages={1899--1907},
  year={2011}
}

@inproceedings{taylor2011metric,
  title={Metric learning for reinforcement learning agents},
  author={Taylor, Matthew E and Kulis, Brian and Sha, Fei},
  booktitle={The 10th International Conference on Autonomous Agents and Multiagent Systems-Volume 2},
  pages={777--784},
  year={2011},
  organization={International Foundation for Autonomous Agents and Multiagent Systems}
}

@article{mcfee2012learning,
  title={Learning content similarity for music recommendation},
  author={McFee, Brian and Barrington, Luke and Lanckriet, Gert},
  journal={IEEE transactions on audio, speech, and language processing},
  volume={20},
  number={8},
  pages={2207--2218},
  year={2012},
  publisher={IEEE}
}

@article{ben2012improved,
  title={An improved biometrics technique based on metric learning approach},
  author={Ben, Xianye and Meng, Weixiao and Yan, Rui and Wang, Kejun},
  journal={Neurocomputing},
  volume={97},
  pages={44--51},
  year={2012},
  publisher={Elsevier}
}

@inproceedings{law2012structural,
  title={Structural and visual similarity learning for web page archiving},
  author={Law, Marc Teva and Gutierrez, Carlos Sureda and Thome, Nicolas and Gan{\c{c}}arski, St{\'o}phane},
  booktitle={Content-Based Multimedia Indexing (CBMI), 2012 10th International Workshop on},
  pages={1--6},
  year={2012},
  organization={IEEE}
}

@article{yu2012semisupervised,
  title={Semisupervised multiview distance metric learning for cartoon synthesis},
  author={Yu, Jun and Wang, Meng and Tao, Dacheng},
  journal={IEEE Transactions on Image Processing},
  volume={21},
  number={11},
  pages={4636--4648},
  year={2012},
  publisher={IEEE}
}

@article{liang2012learning,
  title={Learning a Consistent PRO-Outcomes Metric through KCCA for an Efficacy Assessing Model of Acupuncture},
  author={Liang, Zhaohui and Zhang, Gang and Jiang, Li and Fu, Wenbin},
  journal={Journal of Chinese Medicine Research and Development (JCMRD)},
  volume={1},
  number={3},
  pages={79--88},
  year={2012}
}

%%% Computer vision
@inproceedings{fei2005bayesian,
  title={A bayesian hierarchical model for learning natural scene categories},
  author={Fei-Fei, Li and Perona, Pietro},
  booktitle={Computer Vision and Pattern Recognition, 2005. CVPR 2005. IEEE Computer Society Conference on},
  volume={2},
  pages={524--531},
  year={2005},
  organization={IEEE}
}

@article{mensink2012metric,
  title={Metric learning for large scale image classification: Generalizing to new classes at near-zero cost},
  author={Mensink, Thomas and Verbeek, Jakob and Perronnin, Florent and Csurka, Gabriela},
  journal={Computer Vision--ECCV 2012},
  pages={488--501},
  year={2012},
  publisher={Springer}
}

@inproceedings{frome2007learning,
  title={Learning globally-consistent local distance functions for shape-based image retrieval and classification},
  author={Frome, Andrea and Singer, Yoram and Sha, Fei and Malik, Jitendra},
  booktitle={Computer Vision, 2007. ICCV 2007. IEEE 11th International Conference on},
  pages={1--8},
  year={2007},
  organization={IEEE}
}

@inproceedings{verma2012learning,
  title={Learning hierarchical similarity metrics},
  author={Verma, Nakul and Mahajan, Dhruv and Sellamanickam, Sundararajan and Nair, Vinod},
  booktitle={Computer Vision and Pattern Recognition (CVPR), 2012 IEEE Conference on},
  pages={2280--2287},
  year={2012},
  organization={IEEE}
}

@inproceedings{guillaumin2009you,
  title={Is that you? Metric learning approaches for face identification},
  author={Guillaumin, Matthieu and Verbeek, Jakob and Schmid, Cordelia},
  booktitle={Computer Vision, 2009 IEEE 12th international conference on},
  pages={498--505},
  year={2009},
  organization={IEEE}
}

@article{lu2014neighborhood,
  title={Neighborhood repulsed metric learning for kinship verification},
  author={Lu, Jiwen and Zhou, Xiuzhuang and Tan, Yap-Pen and Shang, Yuanyuan and Zhou, Jie},
  journal={IEEE transactions on pattern analysis and machine intelligence},
  volume={36},
  number={2},
  pages={331--345},
  year={2014},
  publisher={IEEE}
}

@inproceedings{jiang2012order,
  title={Order determination and sparsity-regularized metric learning adaptive visual tracking},
  author={Jiang, Nan and Liu, Wenyu and Wu, Ying},
  booktitle={Computer Vision and Pattern Recognition (CVPR), 2012 IEEE Conference on},
  pages={1956--1963},
  year={2012},
  organization={IEEE}
}

@inproceedings{li2012non,
  title={Non-sparse linear representations for visual tracking with online reservoir metric learning},
  author={Li, Xi and Shen, Chunhua and Shi, Qinfeng and Dick, Anthony and van den Hengel, Anton},
  booktitle={Computer Vision and Pattern Recognition (CVPR), 2012 IEEE Conference on},
  pages={1760--1767},
  year={2012},
  organization={IEEE}
}

@inproceedings{guillaumin2009tagprop,
  title={Tagprop: Discriminative metric learning in nearest neighbor models for image auto-annotation},
  author={Guillaumin, Matthieu and Mensink, Thomas and Verbeek, Jakob and Schmid, Cordelia},
  booktitle={Computer Vision, 2009 IEEE 12th International Conference on},
  pages={309--316},
  year={2009},
  organization={IEEE}
}

%%% Information retrieval

@article{lebanon2006metric,
  title={Metric learning for text documents},
  author={Lebanon, Guy},
  journal={IEEE Transactions on Pattern Analysis and Machine Intelligence},
  volume={28},
  number={4},
  pages={497--508},
  year={2006},
  publisher={IEEE}
}

@inproceedings{lee2008rank,
  title={Rank-based distance metric learning: An application to image retrieval},
  author={Lee, Jung-Eun and Jin, Rong and Jain, Anil K},
  booktitle={Computer Vision and Pattern Recognition, 2008. CVPR 2008. IEEE Conference on},
  pages={1--8},
  year={2008},
  organization={IEEE}
}

@inproceedings{mcfee2010metric,
  title={Metric learning to rank},
  author={McFee, Brian and Lanckriet, Gert R},
  booktitle={Proceedings of the 27th International Conference on Machine Learning (ICML-10)},
  pages={775--782},
  year={2010}
}

@article{lim2013robust,
  title={Robust Structural Metric Learning.},
  author={Lim, Daryl and Lanckriet, Gert RG and McFee, Brian},
  journal={ICML (1)},
  volume={28},
  pages={615--623},
  year={2013}
}

%%% Bioinformatics

@article{xiong2006kernel,
  title={Kernel-based distance metric learning for microarray data classification},
  author={Xiong, Huilin and Chen, Xue-wen},
  journal={BMC bioinformatics},
  volume={7},
  number={1},
  pages={299},
  year={2006},
  publisher={BioMed Central}
}

@article{saigo2006optimizing,
  title={Optimizing amino acid substitution matrices with a local alignment kernel},
  author={Saigo, Hiroto and Vert, Jean-Philippe and Akutsu, Tatsuya},
  journal={BMC bioinformatics},
  volume={7},
  number={1},
  pages={246},
  year={2006},
  publisher={BioMed Central}
}

@article{kato2010metric,
  title={Metric learning for enzyme active-site search},
  author={Kato, Tsuyoshi and Nagano, Nozomi},
  journal={Bioinformatics},
  volume={26},
  number={21},
  pages={2698--2704},
  year={2010},
  publisher={Oxford Univ Press}
}

@article{wang2012prodis,
  title={ProDis-ContSHC: learning protein dissimilarity measures and hierarchical context coherently for protein-protein comparison in protein database retrieval},
  author={Wang, Jingyan and Gao, Xin and Wang, Quanquan and Li, Yongping},
  journal={BMC bioinformatics},
  volume={13},
  number={7},
  pages={S2},
  year={2012},
  publisher={BioMed Central}
}

%%% Multiple Kernel Learning

@inproceedings{chen2013event,
  title={Event recognition in videos by learning from heterogeneous web sources},
  author={Chen, Lin and Duan, Lixin and Xu, Dong},
  booktitle={Proceedings of the IEEE Conference on Computer Vision and Pattern Recognition},
  pages={2666--2673},
  year={2013}
}

@article{bucak2014multiple,
  title={Multiple kernel learning for visual object recognition: A review},
  author={Bucak, Serhat S and Jin, Rong and Jain, Anil K},
  journal={IEEE Transactions on Pattern Analysis and Machine Intelligence},
  volume={36},
  number={7},
  pages={1354--1369},
  year={2014},
  publisher={IEEE}
}

@article{yu20102,
  title={L 2-norm multiple kernel learning and its application to biomedical data fusion},
  author={Yu, Shi and Falck, Tillmann and Daemen, Anneleen and Tranchevent, Leon-Charles and Suykens, Johan AK and De Moor, Bart and Moreau, Yves},
  journal={BMC bioinformatics},
  volume={11},
  number={1},
  pages={309},
  year={2010},
  publisher={BioMed Central}
}

%%% LMNN extensions

@inproceedings{parameswaran2010large,
  title={Large margin multi-task metric learning},
  author={Parameswaran, Shibin and Weinberger, Kilian Q},
  booktitle={Advances in neural information processing systems},
  pages={1867--1875},
  year={2010}
}

@inproceedings{kedem2012non,
  title={Non-linear metric learning},
  author={Kedem, Dor and Tyree, Stephen and Sha, Fei and Lanckriet, Gert R and Weinberger, Kilian Q},
  booktitle={Advances in Neural Information Processing Systems},
  pages={2573--2581},
  year={2012}
}

@inproceedings{weinberger2008fast,
  title={Fast solvers and efficient implementations for distance metric learning},
  author={Weinberger, Kilian Q and Saul, Lawrence K},
  booktitle={Proceedings of the 25th international conference on Machine learning},
  pages={1160--1167},
  year={2008},
  organization={ACM}
}

%%% Clustering validity measures

% Internal vs External indexex
% http://scikit-learn.org/stable/modules/clustering.html
% http://www.universitypress.org.uk/journals/cc/20-463.pdf
@article{rendon2011internal,
  title={Internal versus external cluster validation indexes},
  author={Rend{\'o}n, Er{\'e}ndira and Abundez, Itzel and Arizmendi, Alejandra and Quiroz, ElviaM},
  journal={International Journal of computers and communications},
  volume={5},
  number={1},
  pages={27--34},
  year={2011}
}

% Trustworthiness, continuity
% https://bmcbioinformatics.biomedcentral.com/track/pdf/10.1186/1471-2105-4-48
@article{kaski2003trustworthiness,
  title={Trustworthiness and metrics in visualizing similarity of gene expression},
  author={Kaski, Samuel and Nikkil{\"a}, Janne and Oja, Merja and Venna, Jarkko and T{\"o}r{\"o}nen, Petri and Castr{\'e}n, Eero},
  journal={BMC bioinformatics},
  volume={4},
  number={1},
  pages={48},
  year={2003},
  publisher={BioMed Central}
}

%%% LFDA related work

% LDA
@article{fisher1936use,
  title={The use of multiple measurements in taxonomic problems},
  author={Fisher, Ronald A},
  journal={Annals of eugenics},
  volume={7},
  number={2},
  pages={179--188},
  year={1936},
  publisher={Wiley Online Library}
}

% LPP
% https://papers.nips.cc/paper/2359-locality-preserving-projections.pdf
@inproceedings{he2003locality,
  title={Locality preserving projections},
  author={He, Xiaofei and Niyogi, Partha},
  booktitle={NIPS},
  volume={16},
  number={2003},
  year={2003}
}


@Comment{jabref-meta: databaseType:bibtex;}
