%
%  An example of a bibliographical database for bibTeX
%
%  Recommended software for maintenance of *.bib files:
%    JabRef, http://jabref.sourceforge.net/
%
%  BEWARE:
%
%    *  If a name contains a capital letter, which must be kept such,
%       use curly brackets ({T}hailand, {HIV}).
%
%  ===========================================================================

% Deep learning book
@unpublished{Goodfellow-et-al-2016-Book,
    title={Deep Learning},
    author={Ian Goodfellow, Yoshua Bengio, and Aaron Courville},
    note={Book in preparation for MIT Press},
    url={http://www.deeplearningbook.org},
    year={2016}
}

% Bellet survey
% https://arxiv.org/abs/1306.6709
@article{bellet2013survey,
  title={A survey on metric learning for feature vectors and structured data},
  author={Bellet, Aur{\'e}lien and Habrard, Amaury and Sebban, Marc},
  journal={arXiv preprint arXiv:1306.6709},
  year={2013}
}

% Metric learning overview
% http://www.cs.cmu.edu/~liuy/dist_overview.pdf
@inproceedings{yang2007overview,
  title={An overview of distance metric learning},
  author={Yang, Liu},
  booktitle={Proceedings of the Computer Vision and Pattern Recognition Conference},
  year={2007}
}

% Mahalanobis
@article{mahalanobis1936generalized,
  title={On the generalized distance in statistics},
  author={Mahalanobis, Prasanta Chandra},
  journal={Proceedings of the National Institute of Sciences (Calcutta)},
  volume={2},
  pages={49--55},
  year={1936}
}

% Xing
% http://papers.nips.cc/paper/2164-distance-metric-learning-with-application-toclustering-with-side-information.pdf
@inproceedings{xing2002distance,
  title={Distance metric learning with application to clustering with side-information},
  author={Xing, Eric P and Ng, Andrew Y and Jordan, Michael I and Russell, Stuart},
  booktitle={NIPS},
  volume={15},
  number={505-512},
  pages={12},
  year={2002}
}

% LMNN
% http://www.jmlr.org/papers/v10/weinberger09a.html
@article{weinberger2009distance,
  title={Distance metric learning for large margin nearest neighbor classification},
  author={Weinberger, Kilian Q and Saul, Lawrence K},
  journal={Journal of Machine Learning Research},
  volume={10},
  number={Feb},
  pages={207--244},
  year={2009}
}

% NCA
% https://papers.nips.cc/paper/2566-neighbourhood-components-analysis.pdf
@article{jacobgoldberger2004neighbourhood,
  title={Neighbourhood components analysis},
  author={JacobGoldberger, SamRoweis and GeoffHinton, RuslanSalakhutdinov},
  journal={NIPS’04},
  year={2004}
}

% LFDA
% http://www.jmlr.org/papers/v8/sugiyama07b.html
@article{sugiyama2007dimensionality,
  title={Dimensionality reduction of multimodal labeled data by local fisher discriminant analysis},
  author={Sugiyama, Masashi},
  journal={Journal of machine learning research},
  volume={8},
  number={May},
  pages={1027--1061},
  year={2007}
}

% LSML
% http://ieeexplore.ieee.org/abstract/document/6413822/
@inproceedings{liu2012metric,
  title={Metric learning from relative comparisons by minimizing squared residual},
  author={Liu, Eric Yi and Guo, Zhishan and Zhang, Xiang and Jojic, Vladimir and Wang, Wei},
  booktitle={Data Mining (ICDM), 2012 IEEE 12th International Conference on},
  pages={978--983},
  year={2012},
  organization={IEEE}
}

% ITML
% http://dl.acm.org/citation.cfm?id=1273523
@inproceedings{davis2007information,
  title={Information-theoretic metric learning},
  author={Davis, Jason V and Kulis, Brian and Jain, Prateek and Sra, Suvrit and Dhillon, Inderjit S},
  booktitle={Proceedings of the 24th international conference on Machine learning},
  pages={209--216},
  year={2007},
  organization={ACM}
}

% SDML
% http://dl.acm.org/citation.cfm?id=1553482
@inproceedings{qi2009efficient,
  title={An efficient sparse metric learning in high-dimensional space via l 1-penalized log-determinant regularization},
  author={Qi, Guo-Jun and Tang, Jinhui and Zha, Zheng-Jun and Chua, Tat-Seng and Zhang, Hong-Jiang},
  booktitle={Proceedings of the 26th Annual International Conference on Machine Learning},
  pages={841--848},
  year={2009},
  organization={ACM}
}

% RCA
% http://link.springer.com/chapter/10.1007/3-540-47979-1_52#page-1
@inproceedings{shental2002adjustment,
  title={Adjustment learning and relevant component analysis},
  author={Shental, Noam and Hertz, Tomer and Weinshall, Daphna and Pavel, Misha},
  booktitle={European Conference on Computer Vision},
  pages={776--790},
  year={2002},
  organization={Springer}
}


%%%%%%%%%%%%%%%%%%%%%%%%%%%%%%%%%%%%%%%%%%%%%%%%%%%%%%%%%%%%%%%%%%%%

% jDE + Mahalanobis
% http://ieeexplore.ieee.org/abstract/document/6735277/
@inproceedings{fukui2013evolutionary,
  title={Evolutionary distance metric learning approach to semi-supervised clustering with neighbor relations},
  author={Fukui, Ken-Ichi and Ono, Satoshi and Megano, Taishi and Numao, Masayuki},
  booktitle={Tools with Artificial Intelligence (ICTAI), 2013 IEEE 25th International Conference on},
  pages={398--403},
  year={2013},
  organization={IEEE}
}

% Semi-supervised Evolutionary Distance Metric Learning for Clustering
% https://kaigi.org/jsai/webprogram/2015/pdf/2F1-3in.pdf
@article{kalintha2015semi,
  title={Semi-supervised Evolutionary Distance Metric Learning for Clustering},
  author={Kalintha, Wasin and 福井健一 and 小野智司 and 女鹿野大志 and 森山甲一 and 沼尾正行},
  journal={人工知能学会全国大会論文集},
  volume={29},
  pages={1--4},
  year={2015},
  publisher={人工知能学会}
}

% Kernel construction for classification (SVM)
% http://ocean.sci-hub.cc/db9fc6a86e1cb0fe205b8fd116177179/10.1007@1184093043.pdf
@inproceedings{howley2006evolutionary,
  title={An evolutionary approach to automatic kernel construction},
  author={Howley, Tom and Madden, Michael G},
  booktitle={International Conference on Artificial Neural Networks},
  pages={417--426},
  year={2006},
  organization={Springer}
}

% Kernel construction for kNN regression
% https://aran.library.nuigalway.ie/bitstream/handle/10379/203/aics07-howley-madden.pdf?sequence=1&isAllowed=y
@article{madden2007evolution,
  title={The Evolution of a Kernel-Based Distance Metric for k-NN Regression},
  author={Madden, Michael G and Howley, Tom},
  year={2007}
}

% Kernel Nearest Neighbour
% https://pdfs.semanticscholar.org/6acd/8bcc2bbf967c24f3e050fda0a273d18b79df.pdf
@article{yu2002kernel,
  title={Kernel nearest-neighbor algorithm},
  author={Yu, Kai and Ji, Liang and Zhang, Xuegong},
  journal={Neural Processing Letters},
  volume={15},
  number={2},
  pages={147--156},
  year={2002},
  publisher={Springer}
}
